<?xml version="1.0" encoding="UTF-8"?><collection xmlns="http://www.loc.gov/MARC21/slim"><record><leader>00459nam--2200169-i-4500</leader><controlfield tag="001">000014970</controlfield><controlfield tag="002">20161230</controlfield><controlfield tag="005">20170104010041</controlfield><controlfield tag="008">060222s1000------------r-----000-0-eng-d</controlfield><datafield ind1=" " ind2=" " tag="020"><subfield code="a">ECOLE NORMALE SUPERIEUR DES TELECOMUNICATIONS</subfield></datafield><datafield ind1=" " ind2=" " tag="100"><subfield code="a">Blanc-Lapierre, Andre</subfield></datafield><datafield ind1=" " ind2=" " tag="245"><subfield code="a">Electronique Generale</subfield></datafield><datafield ind1=" " ind2=" " tag="250"><subfield code="a">2nd Edition</subfield></datafield><datafield ind1=" " ind2=" " tag="260"><subfield code="a">Paris</subfield><subfield code="b">Editions Eyrolles</subfield><subfield code="c">1959</subfield></datafield><datafield ind1=" " ind2=" " tag="300"><subfield code="a">504 p</subfield></datafield><datafield ind1=" " ind2=" " tag="700"><subfield code="a">Lapostolle, Pierre M</subfield></datafield><datafield ind1=" " ind2=" " tag="CAT"><subfield code="a">SYS</subfield><subfield code="c">20170104</subfield><subfield code="h">010041</subfield></datafield></record></collection>